<?xml version="1.0" encoding="UTF-8"?><record xmlns="http://www.loc.gov/MARC21/slim" xmlns:cinclude="http://apache.org/cocoon/include/1.0" xmlns:zs="http://www.loc.gov/zing/srw/">
  <leader>00483nz  a2200145n  4500</leader>
  <controlfield tag="001">nb2009005006</controlfield>
  <controlfield tag="003">DLC</controlfield>
  <controlfield tag="005">20090319075245.0</controlfield>
  <controlfield tag="008">090225na acannaabn          |a aaa      </controlfield>
  <datafield tag="010" ind1=" " ind2=" ">
    <subfield code="a">nb2009005006</subfield>
  </datafield>
  <datafield tag="035" ind1=" " ind2=" ">
    <subfield code="a">(Uk)007371462</subfield>
  </datafield>
  <datafield tag="040" ind1=" " ind2=" ">
    <subfield code="a">Uk</subfield>
    <subfield code="b">eng</subfield>
    <subfield code="c">Uk</subfield>
  </datafield>
  <datafield tag="100" ind1="1" ind2=" ">
    <subfield code="a">Pañcākṣara Tās, M. R.</subfield>
  </datafield>
  <datafield tag="400" ind1="1" ind2=" ">
    <subfield code="a">Tās, M. R. Pañcākṣara</subfield>
  </datafield>
  <datafield tag="670" ind1=" " ind2=" ">
    <subfield code="a">Tiruppāla Nakar, Pakkīrmastān̲ Oli avarkaḷ pūrvīkac carittiram, 1931:</subfield>
    <subfield code="b">cover (M.R. Pañcākṣara Tās [initials in rom.])</subfield>
  </datafield>
</record>